<?xml version="1.0" encoding="UTF-8"?><collection xmlns="http://www.loc.gov/MARC21/slim"><record><leader>00419nam--2200157-i-4500</leader><controlfield tag="001">000013073</controlfield><controlfield tag="002">20161230</controlfield><controlfield tag="005">20170301235206</controlfield><controlfield tag="008">060222s1000------------r-----000-0-eng-d</controlfield><datafield ind1=" " ind2=" " tag="100"><subfield code="a">Crisan, Ion</subfield></datafield><datafield ind1=" " ind2=" " tag="245"><subfield code="a">Automatizarea montajului in constructia de masini</subfield></datafield><datafield ind1=" " ind2=" " tag="260"><subfield code="a">Bucuresti</subfield><subfield code="b">Editura Tehnica</subfield><subfield code="c">1979</subfield></datafield><datafield ind1=" " ind2=" " tag="300"><subfield code="a">236 p</subfield></datafield><datafield ind1=" " ind2=" " tag="700"><subfield code="a">Dobre, Nicolae</subfield></datafield><datafield ind1=" " ind2=" " tag="852"><subfield code="a">621.757.002.5:681.5</subfield></datafield><datafield ind1=" " ind2=" " tag="CAT"><subfield code="a">SYS</subfield><subfield code="c">20170301</subfield><subfield code="h">235206</subfield></datafield></record></collection>